@manual{Anleitung,
    author = {Lehrstuhl f√ºr Experimentelle Physik E5a},
    year = {2019},
    day = {19},
    month = {07},
    institution = {TU Dortmund},
    title ={Messung von Materie-Antimaterie-Unterschieden mit dem LHCb Experiment}
    }

@book{PDG,
    author = {Particle Data Group},
    title = {2018 Particle Physics Booklet},
    volume = {98},
    year = {2018},
    }

@article{Review,
    author = {T. Gershon, Y.Nir},
    title = {Physical Review D: 13. $CP$ Violation in the Quark Sector},
    journal = {Physical Review},
    year = {2018},
    version = {98},
    }